<?xml version="1.0" encoding="UTF-8"?><collection xmlns="http://www.loc.gov/MARC21/slim"><record><leader>00415nam--2200169-u-4500</leader><controlfield tag="001">000051440</controlfield><controlfield tag="002">20161230</controlfield><controlfield tag="005">20161230201049</controlfield><controlfield tag="008">080716s1000------------r-----000-0-eng-d</controlfield><datafield ind1=" " ind2=" " tag="040"><subfield code="a">IFIN-HH</subfield></datafield><datafield ind1=" " ind2=" " tag="080"><subfield code="a">681.3.01</subfield></datafield><datafield ind1="1" ind2=" " tag="100"><subfield code="a">Gladun,V.P</subfield></datafield><datafield ind1="1" ind2="0" tag="245"><subfield code="a">Evristicheskii Poisk v Slozhnykh Sjredakh</subfield></datafield><datafield ind1=" " ind2=" " tag="260"><subfield code="a">Kiev</subfield><subfield code="b">Naukova Dumka</subfield><subfield code="c">1977</subfield></datafield><datafield ind1=" " ind2=" " tag="300"><subfield code="a">165 p</subfield></datafield><datafield ind1=" " ind2=" " tag="852"><subfield code="a">78521</subfield><subfield code="c">517.11</subfield></datafield><datafield ind1=" " ind2=" " tag="CAT"><subfield code="a">Sys</subfield><subfield code="c">20080716</subfield><subfield code="h">070003</subfield></datafield></record></collection>